% -----------------------------------------------------------------------
% File: smc2015template.bib
% -----------------------------------------------------------------------
% separate each line item with space, otherwise the reference will not be hyperlinked
% put the keyword "and" between authors to separate them.

@misc{ternstrom7:20,
  author={S. Ternström},
  title={Lecture 7: Synthesis methods and sampling},
  series={DD2212 Music Acoustics},
  school={KTH},
  place={Stockholm},
  year={2020}
}

@misc{ternstrom8:20,
  author={S. Ternström},
  title={Lecture 8: Singing voice},
  series={DD2212 Music Acoustics},
  school={KTH},
  place={Stockholm},
  year={2020}
}

@book{hall:91,
  title={Musical acoustics},
  author={D. E. Hall},
  year={1991},
  publisher={Brooks/Cole Publishing Company}
}

@article{ternstrom:89,
  title={Analysis and simulation of small variations in the fundamental frequency of sustained vowels},
  author={S. Ternström and A. Friberg},
  journal={STL-QPSR},
  volume={30},
  number={3},
  pages={001--014},
  year={1989}
}

@article{ternstrom:88,
  title={Synthesizing choir singing},
  author={Ternstrom, Sten and Friberg, Anders and Sundberg, Johan},
  journal={Journal of Voice},
  volume={1},
  number={4},
  pages={332--335},
  year={1988},
  publisher={Elsevier}
}
